<record><leader>00000cas a22000007a 4500</leader><controlfield tag="001">11994741</controlfield><controlfield tag="008">850503d18591863wiuwr ne      0    0eng d</controlfield><datafield ind1=" " ind2=" " tag="010"><subfield code="a">sn 85040453 </subfield></datafield><datafield ind1=" " ind2=" " tag="040"><subfield code="a">NPV</subfield><subfield code="b">eng</subfield><subfield code="c">NPV</subfield><subfield code="d">OCLCQ</subfield></datafield><datafield ind1=" " ind2=" " tag="042"><subfield code="a">msc</subfield></datafield><datafield ind1=" " ind2=" " tag="045"><subfield code="a">w5w6</subfield></datafield><datafield ind1=" " ind2=" " tag="052"><subfield code="a">4123</subfield><subfield code="b">V4</subfield></datafield><datafield ind1="0" ind2=" " tag="130"><subfield code="a">Viroqua expositor (Viroqua, Wis. : 1859)</subfield></datafield><datafield ind1="1" ind2="0" tag="245"><subfield code="a">Viroqua expositor.</subfield></datafield><datafield ind1="3" ind2="0" tag="246"><subfield code="a">Viroqua semi-weekly expositor</subfield></datafield><datafield ind1="3" ind2="0" tag="246"><subfield code="a">Viroqua weekly expositor</subfield></datafield><datafield ind1="3" ind2="0" tag="246"><subfield code="a">Expositor</subfield></datafield><datafield ind1=" " ind2=" " tag="260"><subfield code="a">Viroqua, Wis. :</subfield><subfield code="b">O.C. &amp; J. Smith</subfield></datafield><datafield ind1=" " ind2=" " tag="300"><subfield code="a">v.</subfield></datafield><datafield ind1=" " ind2=" " tag="310"><subfield code="a">Weekly</subfield></datafield><datafield ind1=" " ind2=" " tag="321"><subfield code="a">Semiweekly,</subfield><subfield code="b">May 25, 1861-July 13, 1861</subfield></datafield><datafield ind1=" " ind2=" " tag="321"><subfield code="a">Weekly,</subfield><subfield code="b">&lt;Dec. 15, 1860&gt;-May 18, 1861</subfield></datafield><datafield ind1="1" ind2=" " tag="362"><subfield code="a">Began in 1859 or 1860.</subfield></datafield><datafield ind1="1" ind2=" " tag="362"><subfield code="a">Ceased with May 9, 1863 issue.</subfield><subfield code="z">Cf. Oehlerts, d. Guide to Wis. newspapers.</subfield></datafield><datafield ind1=" " ind2=" " tag="500"><subfield code="a">Title varies: Viroqua semi-weekly expositor, May 25, 1861-July 13, 1861; Viroqua weekly expositor, July 20, 1861-Oct. 1861.</subfield></datafield><datafield ind1=" " ind2=" " tag="500"><subfield code="a">Publisher varies.</subfield></datafield><datafield ind1=" " ind2=" " tag="500"><subfield code="a">Editors: O.C. Smith &amp; J. Smith, &lt;Dec. 15, 1860&gt;-Aug. 14, 1861; J. Smith, Aug. 31, 1861-&lt;Oct. 5, 1861&gt;; G.W. Wolfe, &lt;Oct. 26, 1861&gt;-&lt;Jan. 11, 1862&gt;; O.C. Smith, Aug. 30, 1862-&lt;April 18, 1863&gt;.</subfield></datafield><datafield ind1=" " ind2=" " tag="525"><subfield code="a">Supplements accompany some issues.</subfield></datafield><datafield ind1=" " ind2=" " tag="530"><subfield code="a">Available on microfilm from The State Historical Society of Wisconsin.</subfield></datafield><datafield ind1=" " ind2=" " tag="580"><subfield code="a">Continues: Viroqua expositor and Badax reporter?</subfield></datafield><datafield ind1=" " ind2=" " tag="588"><subfield code="a">Description based on: Vol. 3, no. 14 = whole no. 118 (Dec. 15, 1860).</subfield></datafield><datafield ind1=" " ind2=" " tag="752"><subfield code="a">United States</subfield><subfield code="b">Wisconsin</subfield><subfield code="c">Vernon</subfield><subfield code="d">Viroqua.</subfield></datafield><datafield ind1="1" ind2="0" tag="780"><subfield code="t">Viroqua expositor and Badax reporter</subfield><subfield code="w">(DLC)sn 85040454</subfield></datafield><datafield ind1="0" ind2="4" tag="785"><subfield code="t">North western times</subfield><subfield code="w">(DLC)sn 85033285</subfield></datafield><datafield ind1="1" ind2=" " tag="029"><subfield code="a">AU@</subfield><subfield code="b">000025801053</subfield></datafield></record>